@Misc{Secpoint:XSS,
author = {Secpoint},
title = {What is XSS Cross-Site Scripting?},
url = {https://www.secpoint.com/what-is-xss-cross-site-scripting.html},
note = {[online]. 2008 [cit. 2017-04-17]}
}

@Misc{OWASP:Types_of_XSS,
author = {OWASP},
title = {Types of Cross-Site Scripting},
url = {https://www.owasp.org/index.php/Types_of_Cross-Site_Scripting},
note = {[online]. 2017 [cit. 2017-04-17]}
}

@Misc{Excess:XSS,
author = {Jakob Kallin and Irene Lobo Valbuena},
title = {Excess XSS: A comprehensive tutorial on cross-site scripting},
url = {https://excess-xss.com},
note = {[online]. 2017 [cit. 2017-04-17]}
}

@Proceedings{Zbornik:Bezpecnost_webovych_informacnych_systemov,
title = {Bezpečnosť webových informačných systémov. Zborník: Sieťové a informačné technológie},
editor = {Peter Švec and Martin Drlík},
year = {2006},
address = {Nitra},
publisher = {SPU},
issn = {80-8069-664-0}
}

@Book{Kummel:XSS_v_praxi,
author = {Roman KUMMEL},
title = {XSS Cross-Site Scripting v praxi},
publisher = {SOOM},
year = {2007},
edition = {První},
isbn = {978-80-86062-34-1}
}

@Book{Fogie:XSS_Attacks,
author = {Seth FOGIE and Jeremiah GROSSMAN and Robert HANSEN and Petko PETKOV},
title = {XSS Attacks: Cross Site Scripting Exploits and Defense},
publisher = {Syngress},
year = {2007},
edition = {První},
isbn = {978-1597491549}
}

@MastersThesis{Chorvat:Utoky_typu_Cross_Site_Scripting,
author = {Oliver CHORVÁT},
title = {Útoky typu Cross-Site Scripting},
school = {Brno: Masarykova univerzita. Fakulta informatiky},
year = {2010}
}

@MastersThesis{Olejar:Analyza_utoku,
author = {František OLEJÁR},
title = {Analýza útoku vedeného prostředníctvím webového prohlížeče},
school = {Brno: Masarykova univerzita. Fakulta informatiky},
year = {2007}
}

@Article{CS:Malicious_XSS,
author = {Hossain Shahriar and Komminist Weldemariam and Mohammad Zulkernine and Thibaud Lutellier},
title = {Effective detection of vulnerable and malicious browser extensions},
journal = {Computers and Security},
year = {2014},
volume = {47},
pages = {66-84},
issn = {0167-4048}
}

@Article{IST:Automated_XSS_removal,
author = {Lwin Khin Shar and Hee Beng Kuan Tan},
title = {Automated removal of cross site scripting vulnerabilities in web applications},
journal = {Information and Software Technology},
year = {2012},
volume = {54},
number = {5},
pages = {467-478},
issn = {0950-5849}
}